<?xml version="1.0" encoding="UTF-8" ?><marc:collection xmlns:marc="http://www.loc.gov/MARC21/slim" xmlns:xsi="http://www.w3.org/2001/XMLSchema-instance" xsi:schemaLocation="http://www.loc.gov/MARC21/slim http://www.loc.gov/standards/marcxml/schema/MARC21slim.xsd">
<marc:record><marc:leader>02679cam a2200433Ii 4500</marc:leader>
<marc:controlfield tag="001">b12751364</marc:controlfield>
<marc:controlfield tag="003">UaCaAUL</marc:controlfield><marc:controlfield tag="005">20171109025547.0</marc:controlfield><marc:controlfield tag="008">900224s1924    ua abcf  b    000 0 ara d</marc:controlfield><marc:datafield tag="035" ind1=" " ind2=" "><marc:subfield code="a">(OCoLC)21120591</marc:subfield></marc:datafield><marc:datafield tag="040" ind1=" " ind2=" "><marc:subfield code="a">IXA</marc:subfield><marc:subfield code="b">eng</marc:subfield><marc:subfield code="e">rda</marc:subfield><marc:subfield code="c">IXA</marc:subfield><marc:subfield code="d">OCLCQ</marc:subfield><marc:subfield code="d">MEAUC</marc:subfield></marc:datafield><marc:datafield tag="041" ind1="0" ind2=" "><marc:subfield code="a">ara</marc:subfield><marc:subfield code="b">fre</marc:subfield></marc:datafield><marc:datafield tag="043" ind1=" " ind2=" "><marc:subfield code="a">f-ua---</marc:subfield></marc:datafield><marc:datafield tag="049" ind1=" " ind2=" "><marc:subfield code="a">MAIN</marc:subfield></marc:datafield><marc:datafield tag="050" ind1=" " ind2="4"><marc:subfield code="a">DT153.Q3</marc:subfield><marc:subfield code="b">A85 1924</marc:subfield></marc:datafield><marc:datafield tag="066" ind1=" " ind2=" "><marc:subfield code="c">(3</marc:subfield><marc:subfield code="c">(4</marc:subfield></marc:datafield><marc:datafield tag="090" ind1=" " ind2=" "><marc:subfield code="a">DT153.Q3</marc:subfield><marc:subfield code="b">A85 1924</marc:subfield></marc:datafield><marc:datafield tag="100" ind1="1" ind2=" "><marc:subfield code="6">880-01</marc:subfield><marc:subfield code="a">Aṣmaʻī, Muḥammad ʻAbd al-Jawwād.</marc:subfield></marc:datafield><marc:datafield tag="245" ind1="1" ind2="0"><marc:subfield code="6">880-02</marc:subfield><marc:subfield code="a">Qalʻat Muḥammad ʻAlī, lā qalʻat Nāpuliyūn :</marc:subfield><marc:subfield code="b">baḥth tārīkhī atharī /</marc:subfield><marc:subfield code="c">bi-qalam Muḥammad ʻAbd al-Jawād al-Aṣmaʻī bi-Dār al-Kutub al-Miṣrīyah = Le Fort Méhémet-Ali : etude historique archéologique prouvant que c'est le Fort Méhémet-Ali et non Fort Napoléon / par Cheikh Mohamed Abdel-Gawad El Asmaï à la Bibliothèque Egyptienne.</marc:subfield></marc:datafield><marc:datafield tag="246" ind1="3" ind2="1"><marc:subfield code="a">Fort Méhémet-Ali :</marc:subfield><marc:subfield code="b">etude historique archéologique prouvant que c'est le Fort Méhémet-Ali et non Fort Napoléon.</marc:subfield></marc:datafield><marc:datafield tag="264" ind1=" " ind2="1"><marc:subfield code="6">880-03</marc:subfield><marc:subfield code="a">al-Qāhirah :</marc:subfield><marc:subfield code="b">Maṭbaʻat Dār al-Kutub al-Miṣrīyah bi-al-Qāhirah,</marc:subfield><marc:subfield code="c">1342 H., 1924 M.</marc:subfield></marc:datafield><marc:datafield tag="300" ind1=" " ind2=" "><marc:subfield code="a">14, 103, 13 pages :</marc:subfield><marc:subfield code="b">illustrations, maps, portraits, facsimiles ;</marc:subfield><marc:subfield code="c">26 cm.</marc:subfield></marc:datafield><marc:datafield tag="336" ind1=" " ind2=" "><marc:subfield code="a">text</marc:subfield><marc:subfield code="b">txt</marc:subfield><marc:subfield code="2">rdacontent.</marc:subfield></marc:datafield><marc:datafield tag="337" ind1=" " ind2=" "><marc:subfield code="a">unmediated</marc:subfield><marc:subfield code="b">n</marc:subfield><marc:subfield code="2">rdamedia.</marc:subfield></marc:datafield><marc:datafield tag="338" ind1=" " ind2=" "><marc:subfield code="a">volume</marc:subfield><marc:subfield code="b">nc</marc:subfield><marc:subfield code="2">rdacarrier.</marc:subfield></marc:datafield><marc:datafield tag="546" ind1=" " ind2=" "><marc:subfield code="a">Summary in French.</marc:subfield></marc:datafield><marc:datafield tag="500" ind1=" " ind2=" "><marc:subfield code="a">Title on added t.p.: le Fort Méhémet-Ali : etude historique archéologique prouvant que c'est le Fort Méhémet-Ali et non Fort Napoléon.</marc:subfield></marc:datafield><marc:datafield tag="500" ind1=" " ind2=" "><marc:subfield code="a">&quot;Muḥallá bi-nubdhah tārīkhīyah mumtiʻah ʻan al-madāris al-ḥarbīyah wa-al-maʻāmil al-ʻaskarīyah wa-ḥālat al-jaysh al-Miṣrī (al-barrī wa-baḥarī)--fī ʻahd &quot;Muḥammad ʻAlī&quot; / bi-qalam ḥaḍrat ṣāḥib al-sumuww al-amīr al-jalīl &quot;ʻUmar Ṭūsūn&quot;.</marc:subfield></marc:datafield><marc:datafield tag="541" ind1=" " ind2=" "><marc:subfield code="a">SPCL copy is from the personal library collection of Mahmoud Saba.</marc:subfield></marc:datafield><marc:datafield tag="651" ind1=" " ind2="0"><marc:subfield code="a">Qalʻat Muḥammad ʻAlī (Egypt)</marc:subfield></marc:datafield><marc:datafield tag="600" ind1="1" ind2="0"><marc:subfield code="a">Tụs̄un̄, ʻUmar, </marc:subfield><marc:subfield code="c"> Prince, </marc:subfield><marc:subfield code="d"> 1872-1944.</marc:subfield></marc:datafield><marc:datafield tag="700" ind1="1" ind2="2"><marc:subfield code="a">Saba, Mahmoud,</marc:subfield><marc:subfield code="d">1886-1976.</marc:subfield><marc:subfield code="t">Saba Personal Library Collection.</marc:subfield></marc:datafield><marc:datafield tag="880" ind1="1" ind2=" "><marc:subfield code="6">100-01/(3/r</marc:subfield><marc:subfield code="a">اصمعي، محمد عبد الجواد.</marc:subfield></marc:datafield><marc:datafield tag="880" ind1="1" ind2="0"><marc:subfield code="6">245-02/(3/r</marc:subfield><marc:subfield code="a">قلعة محمد علي، لا قلعة ناپلون :‪</marc:subfield><marc:subfield code="b">بحث تاريخي أثري /‪</marc:subfield><marc:subfield code="c">بقلم محمد عبد الجواد الأصمعي بدار الكتب المصرية..</marc:subfield></marc:datafield><marc:datafield tag="880" ind1=" " ind2="1"><marc:subfield code="6">264-03/(3/r</marc:subfield><marc:subfield code="a">القاهرة :‪</marc:subfield><marc:subfield code="b">مطبعة دار الكتب المصرية بالقاهرة،‪</marc:subfield><marc:subfield code="c">1342 ه.، 1924 م..</marc:subfield></marc:datafield><marc:datafield tag="907" ind1=" " ind2=" "><marc:subfield code="a">.b12751364</marc:subfield><marc:subfield code="b">multi</marc:subfield></marc:datafield><marc:datafield tag="902" ind1=" " ind2=" "><marc:subfield code="a">171114</marc:subfield></marc:datafield><marc:datafield tag="998" ind1=" " ind2=" "><marc:subfield code="b">1</marc:subfield><marc:subfield code="c">020113</marc:subfield><marc:subfield code="d">m</marc:subfield><marc:subfield code="e">a</marc:subfield><marc:subfield code="f">-</marc:subfield><marc:subfield code="g">0</marc:subfield><marc:subfield code="k">TA</marc:subfield></marc:datafield><marc:datafield tag="945" ind1=" " ind2=" "><marc:subfield code="l">main </marc:subfield></marc:datafield></marc:record>
</marc:collection>
